@online{gitrepo,
    author      = {Paolo Bettelini},
    title       = {rs-rabbitmq-infrastructure},
    year        = {2022},
    publisher   = {GitHub},
    journal     = {GitHub repository},
    url         = {https://github.com/paolobettelini/rs-rabbitmq-infrastructure}
}

% https://webassembly.org/docs/use-cases/